@online{Pandas,
    author = "Bioinf",
    title = "Pandas Python",
    url  = "https://bioinf.comav.upv.es/courses/linux/python/pandas.html",
    addendum = "(accessed: 09.20.2020)",
    keywords = "Python, Documentation"
}
@online{Data,
    author = "BookDown",
    title = "Data Frames",
    url  = "https://bookdown.org/jboscomendoza/r-principiantes4/data-frames.html",
    addendum = "(accessed: 09.20.2020)",
    keywords = "Data Frames, Documentation"
}
@online{Data2,
    author = "Deustoformacion",
    title = "Data Frames",
    url  = "https://www.deustoformacion.com/blog/programacion-diseno-web/que-son-datasets-dataframes-big-data",
    addendum = "(accessed: 09.20.2020)",
    keywords = "Data Frames, Documentation"
}
@online{Numpy,
    author = "BioInf",
    title = "NumPy",
    url  = "https://bioinf.comav.upv.es/courses/linux/python/scipy.html",
    addendum = "(accessed: 09.20.2020)",
    keywords = "Numpy, Documentation"
}

@online{Mat,
    author = "BioInf",
    title = "MatplotLib",
    url  = "https://bioinf.comav.upv.es/courses/linux/python/scipy.html#matplotlib",
    addendum = "(accessed: 09.20.2020)",
    keywords = "Matplolib, Documentation"
}
@online{SQL,
    author = "LikeGeeks",
    title = "SQLite",
    url  = "https://likegeeks.com/es/tutorial-de-python-sqlite3/",
    addendum = "(accessed: 09.20.2020)",
    keywords = "sql, Documentation"
}
